
  @Manual{R,
    title = {R: A Language and Environment for Statistical Computing},
    author = {{R Core Team}},
    organization = {R Foundation for Statistical Computing},
    address = {Vienna, Austria},
    year = {2020},
    url = {https://www.R-project.org/}
  }

  @Article{tmap,
    title = {{tmap}: Thematic Maps in {R}},
    author = {Martijn Tennekes},
    journal = {Journal of Statistical Software},
    year = {2018},
    volume = {84},
    number = {6},
    pages = {1--39},
    doi = {10.18637/jss.v084.i06},
  }

  @Article{sf,
    author = {Edzer Pebesma},
    title = {{Simple Features for R: Standardized Support for Spatial Vector Data}},
    year = {2018},
    journal = {{The R Journal}},
    doi = {10.32614/RJ-2018-009},
    url = {https://doi.org/10.32614/RJ-2018-009},
    pages = {439--446},
    volume = {10},
    number = {1},
  }

  @Manual{geobr,
    title = {geobr: Loads Shapefiles of Official Spatial Data Sets of Brazil},
    author = {Rafael H. M. Pereira and Caio Nogueira Goncalves},
    year = {2020},
    note = {R package version 1.3},
    url = {https://CRAN.R-project.org/package=geobr},
  }

  @Manual{dplyr,
    title = {dplyr: A Grammar of Data Manipulation},
    author = {Hadley Wickham and Romain François and Lionel Henry and Kirill Müller},
    year = {2020},
    note = {R package version 0.8.5},
    url = {https://CRAN.R-project.org/package=dplyr},
  }

  @Manual{data.table,
    title = {data.table: Extension of `data.frame`},
    author = {Matt Dowle and Arun Srinivasan},
    year = {2019},
    note = {R package version 1.12.8},
    url = {https://CRAN.R-project.org/package=data.table},
  }

  @Book{ggplot2,
    author = {Hadley Wickham},
    title = {ggplot2: Elegant Graphics for Data Analysis},
    publisher = {Springer-Verlag New York},
    year = {2016},
    isbn = {978-3-319-24277-4},
    url = {https://ggplot2.tidyverse.org},
  }

    @Book{plotly,
    author = {Carson Sievert},
    title = {Interactive Web-Based Data Visualization with R, plotly, and shiny},
    publisher = {Chapman and Hall/CRC},
    year = {2020},
    isbn = {9781138331457},
    url = {https://plotly-r.com},
  }

  @Manual{forcats,
    title = {forcats: Tools for Working with Categorical Variables (Factors)},
    author = {Hadley Wickham},
    year = {2020},
    note = {R package version 0.5.0},
    url = {https://CRAN.R-project.org/package=forcats},
  }

  @Manual{scales,
    title = {scales: Scale Functions for Visualization},
    author = {Hadley Wickham and Dana Seidel},
    year = {2020},
    note = {R package version 1.1.1},
    url = {https://CRAN.R-project.org/package=scales},
  }

    @Article{tidyverse,
    title = {Welcome to the {tidyverse}},
    author = {Hadley Wickham and Mara Averick and Jennifer Bryan and Winston Chang and Lucy D'Agostino McGowan and Romain François and Garrett Grolemund and Alex Hayes and Lionel Henry and Jim Hester and Max Kuhn and Thomas Lin Pedersen and Evan Miller and Stephan Milton Bache and Kirill Müller and Jeroen Ooms and David Robinson and Dana Paige Seidel and Vitalie Spinu and Kohske Takahashi and Davis Vaughan and Claus Wilke and Kara Woo and Hiroaki Yutani},
    year = {2019},
    journal = {Journal of Open Source Software},
    volume = {4},
    number = {43},
    pages = {1686},
    doi = {10.21105/joss.01686},
  }

  @Manual{sidrar,
    title = {sidrar: An Interface to IBGE's SIDRA API},
    author = {Renato {Prado Siqueira}},
    year = {2020},
    note = {R package version 0.2.5},
    url = {https://CRAN.R-project.org/package=sidrar},
  }

  @Manual{geoportail,
    title = {Geoportail France: le portail national de la connaissance du territoire},
    author = {IGN: Institut National de L'Information Géographique et Forestiére},
    year = {2020},
    note = {acessado através do pacote leaflet.providers},
    url = {https://www.geoportail.gouv.fr/},
  }

  @Manual{leaflet,
    title = {leaflet: Create Interactive Web Maps with the JavaScript 'Leaflet'
Library},
    author = {Joe Cheng and Bhaskar Karambelkar and Yihui Xie},
    year = {2019},
    note = {R package version 2.0.3},
    url = {https://CRAN.R-project.org/package=leaflet},
  }

  @Manual{widgetframe,
    title = {widgetframe: 'Htmlwidgets' in Responsive 'iframes'},
    author = {Bhaskar Karambelkar},
    year = {2017},
    note = {R package version 0.3.1},
    url = {https://CRAN.R-project.org/package=widgetframe},
  }

  @Manual{manipulatewidget,
    title = {manipulateWidget: Add Even More Interactivity to Interactive Charts},
    author = {Veronique Bachelier and Jalal-Edine ZAWAM and Francois Guillem},
    year = {2020},
    note = {R package version 0.10.1},
    url = {https://CRAN.R-project.org/package=manipulateWidget},
  }

  @Article{circlize,
    title = {circlize implements and enhances circular visualization in R},
    author = {Zuguang Gu and Lei Gu and Roland Eils and Matthias Schlesner and Benedikt Brors},
    journal = {Bioinformatics},
    volume = {30},
    issue = {19},
    pages = {2811-2812},
    year = {2014},
  }
